@article{hakenberg,
	author = {Hakenberg},
	title = {Rigid Body Collision Resolution},
	year = {2005},
	url = {
	       www.hakenberg.de/diffgeo/collision/rigid_body_collision_resolution.pdf
	       },
}

@article{weberedu,
	author = {Unknown},
	title = {Lattice-Botlzmann Fluid Dynamics},
	year = {2012},
	url = {www.physics.weber.edu/schroeder/javacourse/LatticeBoltzmann.pdf},
}

@article{josstam,
	author = {Jos Stam},
	title = {Real-Time Fluid Dynamics for Games},
	year = {2012},
	url = {www.dgp.toronto.edu/public_user/stam/reality/Research/pdf/GDC03.pdf},
}

@article{mikeash,
	author = {Mike Ash},
	title = {Fluid Simulation for Dummies},
	year = {2006},
	url = { www.mikeash.com/pyblog/fluid-simulation-for-dummies.html },
}

@video{codingchallenge,
	author = {The Coding Train},
	title = {Coding Challenge \#132\: Fluid Simulation},
	url = {www.youtu.be/alhpH6ECFvQ},
	year = {2019},
}

@video{seblague,
	author = {Sebastian Lague},
	title = {Coding Adventure: Simulating Fluids},
	url = {www.youtu.be/rSKMYc1CQHE},
	year = {2023},
}

@video{pezzza,
	author = {Pezzza's Work},
	title = {Writing a Physics Engine from scratch - collision detection
	         optimization},
	url = {www.youtu.be/9IULfQH7E90},
	year = {2023},
}

@video{gradience,
	author = {Gradience},
	title = {Teaching myself C so I can build a particle simulation},
	url = {www.youtu.be/NorXFOobehY},
	year = {2024},
}
